@article{Hartley,
 author = {Hartley, Richard I.},
 title = {In Defense of the Eight-Point Algorithm},
 journal = {IEEE Trans. Pattern Anal. Mach. Intell.},
 issue_date = {June 1997},
 volume = {19},
 number = {6},
 month = jun,
 year = {1997},
 issn = {0162-8828},
 pages = {580--593},
 numpages = {14},
 url = {http://dx.doi.org/10.1109/34.601246},
 doi = {10.1109/34.601246},
 acmid = {262634},
 publisher = {IEEE Computer Society},
 address = {Washington, DC, USA},
 keywords = {Fundamental matrix, eight-point algorithm, condition number, epipolar structure, stereo vision.},
}
